<?xml version="1.0" encoding="UTF-8"?><collection xmlns="http://www.loc.gov/MARC21/slim"><record><leader>00385nam--2200145-i-4500</leader><controlfield tag="001">000031278</controlfield><controlfield tag="002">20161230</controlfield><controlfield tag="005">20161230201038</controlfield><controlfield tag="008">060222s1000------------r-----000-0-eng-d</controlfield><datafield ind1=" " ind2=" " tag="080"><subfield code="a">546.17</subfield></datafield><datafield ind1=" " ind2=" " tag="100"><subfield code="a">Macheteu, Yves</subfield></datafield><datafield ind1=" " ind2=" " tag="245"><subfield code="a">Les derives fluores et oxyfluores de l`azote</subfield></datafield><datafield ind1=" " ind2=" " tag="260"><subfield code="a">Saclay, Centre D`Etudes Nucleaires, 1967. 30p</subfield></datafield><datafield ind1=" " ind2=" " tag="490"><subfield code="a">Seriebibliographies</subfield></datafield><datafield ind1=" " ind2=" " tag="852"><subfield code="a">D.1021</subfield></datafield></record></collection>